


@article{garcia1992generation,
  title={Generation of spatiotemporal colored noise},
  author={Garc{\'\i}a-Ojalvo, Jordi and Sancho, Jos{\'e} M and Ramirez-Piscina, Laureano},
  journal={Physical Review A},
  volume={46},
  number={8},
  pages={4670},
  year={1992},
  publisher={APS},
  file={docs/garcaojalvo1992.pdf}
}


@book{saltelli2008global,
  title={Global sensitivity analysis: the primer},
  author={Saltelli, Andrea and Ratto, Marco and Andres, Terry and Campolongo, Francesca and Cariboni, Jessica and Gatelli, Debora and Saisana, Michaela and Tarantola, Stefano},
  year={2008},
  publisher={John Wiley \& Sons},
  file={docs/Global_Sensitivity_Analysis._The_Primer.pdf}
}

