

@article{thomas2018city,
  title={City delineation in European applications of LUTI models: review and tests},
  author={Thomas, Isabelle and Jones, Jonathan and Caruso, Geoffrey and Gerber, Philippe},
  journal={Transport Reviews},
  volume={38},
  number={1},
  pages={6--32},
  year={2018},
  publisher={Taylor \& Francis}
}

