


@article{reuillon2013openmole,
  title={OpenMOLE, a workflow engine specifically tailored for the distributed exploration of simulation models},
  author={Reuillon, Romain and Leclaire, Mathieu and Rey-Coyrehourcq, Sebastien},
  journal={Future Generation Computer Systems},
  volume={29},
  number={8},
  pages={1981--1990},
  year={2013},
  publisher={Elsevier}
}


@article{raimbault2019second,
  title={Second-order control of complex systems with correlated synthetic data},
  author={Raimbault, Juste},
  journal={Complex Adaptive Systems Modeling},
  volume={7},
  number={1},
  pages={1--19},
  year={2019},
  publisher={SpringerOpen}
}


@inproceedings{raimbault2018multi,
  title={Multi-modeling the morphogenesis of transportation networks},
  author={Raimbault, Juste},
  booktitle={Artificial Life Conference Proceedings},
  pages={382--383},
  year={2018},
  organization={MIT Press}
}

@article{mogheir2004characterizing,
  title={Characterizing the spatial variability of groundwater quality using the entropy theory: I. Synthetic data},
  author={Mogheir, Y and De Lima, JLMP and Singh, VP},
  journal={Hydrological processes},
  volume={18},
  number={11},
  pages={2165--2179},
  year={2004},
  publisher={Wiley Online Library}
}

@article{banos2012network,
  title={Network effects in Schelling's model of segregation: new evidence from agent-based simulation},
  author={Banos, Amaud},
  journal={Environment and Planning B: Planning and Design},
  volume={39},
  number={2},
  pages={393--405},
  year={2012},
  publisher={SAGE Publications Sage UK: London, England}
}


@article{raimbault2018modeling,
  title={Modeling the co-evolution of cities and networks},
  author={Raimbault, Juste},
  journal={arXiv preprint arXiv:1804.09430},
  year={2018}
}


@incollection{raimbault2020unveiling,
  title={Unveiling co-evolutionary patterns in systems of cities: a systematic exploration of the SimpopNet model},
  author={Raimbault, Juste},
  booktitle={Theories and Models of Urbanization},
  pages={261--278},
  year={2020},
  publisher={Springer}
}

@article{batty1991generating,
  title={Generating urban forms from diffusive growth},
  author={Batty, Michael},
  journal={Environment and Planning A},
  volume={23},
  number={4},
  pages={511--544},
  year={1991},
  publisher={SAGE Publications Sage UK: London, England}
}


@article{turing1952chemical,
  title={The chemical theory of morphogenesis},
  author={Turing, AM},
  journal={Phil. Trans. Roy. Soc},
  volume={13},
  number={1},
  year={1952}
}


@article{serra1994morphological,
  title={Morphological filtering: an overview},
  author={Serra, Jean},
  journal={Signal processing},
  volume={38},
  number={1},
  pages={3--11},
  year={1994},
  publisher={Elsevier}
}



@inproceedings{raimbault2019generating,
  title={Generating urban morphologies at large scales},
  author={Raimbault, Juste and Perret, Julien},
  booktitle={Artificial Life Conference Proceedings},
  pages={179--186},
  year={2019},
  organization={MIT Press}
}



@article{tero2010rules,
	Author = {Tero, Atsushi and Takagi, Seiji and Saigusa, Tetsu and Ito, Kentaro and Bebber, Dan P. and Fricker, Mark D. and Yumiki, Kenji and Kobayashi, Ryo and Nakagaki, Toshiyuki},
	Journal = {Science},
	Number = {5964},
	Pages = {439-442},
	Title = {Rules for Biologically Inspired Adaptive Network Design},
	Volume = {327},
	Year = {2010}}





@article{louf2013emergence,
	Author = {Louf, R{\'e}mi and Jensen, Pablo and Barthelemy, Marc},
	Journal = {Proceedings of the National Academy of Sciences},
	Number = {22},
	Pages = {8824--8829},
	Title = {Emergence of hierarchy in cost-driven growth of spatial networks},
	Volume = {110},
	Year = {2013}}



@article{pumain2006evolutionary,
	Author = {Pumain, Denise and Paulus, Fabien and Vacchiani-Marcuzzo, C{\'e}line and Lobo, Jos{\'e}},
	Journal = {Cybergeo: European Journal of Geography},
	Title = {An evolutionary theory for interpreting urban scaling laws},
	Year = {2006}}


@article{fan2014quality,
  title={Quality assessment for building footprints data on OpenStreetMap},
  author={Fan, Hongchao and Zipf, Alexander and Fu, Qing and Neis, Pascal},
  journal={International Journal of Geographical Information Science},
  volume={28},
  number={4},
  pages={700--719},
  year={2014},
  publisher={Taylor \& Francis}
}




@inproceedings{raimbault:halshs-02351722,
  TITLE = {{A multi-scalar model for system of cities}},
  AUTHOR = {Raimbault, Juste},
  URL = {https://halshs.archives-ouvertes.fr/halshs-02351722},
  BOOKTITLE = {{Conference on Complex Systems 2019}},
  ADDRESS = {Singapore, Singapore},
  YEAR = {2019},
  MONTH = Sep,
  KEYWORDS = {COM ; PARIS team},
  HAL_ID = {halshs-02351722},
  HAL_VERSION = {v1},
}


@article{fujita1996economics,
	Author = {Fujita, Masahisa and Thisse, Jacques-Fran{\c{c}}ois},
	Journal = {Journal of the Japanese and international economies},
	Number = {4},
	Pages = {339--378},
	Title = {Economics of agglomeration},
	Volume = {10},
	Year = {1996}}



@incollection{raimbault2019urban,
  title={An urban morphogenesis model capturing interactions between networks and territories},
  author={Raimbault, Juste},
  booktitle={The Mathematics of Urban Morphology},
  pages={383--409},
  year={2019},
  publisher={Springer}
}

@article{raimbault2020empowering,
    title={Empowering Urban Governance through Urban Science: Multi-scale Dynamics of Urban Systems Worldwide},
    author={Juste Raimbault and Eric Denis and Denise Pumain},
    year={2020},
    eprint={2005.10007},
    archivePrefix={arXiv},
    primaryClass={physics.soc-ph},
    journal={Sustainability}
}


@incollection{pumain2018evolutionary,
	Author = {Pumain, Denise},
	Booktitle = {International and Transnational Perspectives on Urban Systems},
	Pages = {3--18},
	Publisher = {Springer},
	Title = {An Evolutionary Theory of Urban Systems},
	Year = {2018}}




@article{openshaw1987mark,
  title={A geographical analysis machine for the automated analysis of point data sets},
  author={Openshaw, Stan and Charlton, Martin and Wymer, Colin and Craft, Alan},
  journal={International Journal of Geographical Information System},
  volume={1},
  number={4},
  pages={335--358},
  year={1987},
  publisher={Taylor \& Francis}
}


@inproceedings{raimbault2014hybrid,
  title={A Hybrid Network/Grid Model of Urban Morphogenesis and Optimization},
  author={Raimbault, Juste and Banos, Arnaud and Doursat, Ren{\'e}},
  booktitle={4th International Conference on Complex Systems and Applications},
  pages={51--60},
  year={2014}
}



@article{sanders1997simpop,
	Author = {Sanders, Lena and Pumain, Denise and Mathian, H{\'e}lene and Gu{\'e}rin-Pace, France and Bura, Stephane},
	Journal = {Environment and Planning B},
	Pages = {287--306},
	Title = {SIMPOP: a multiagent system for the study of urbanism},
	Volume = {24},
	Year = {1997}}



@phdthesis{schmitt2014modelisation,
	Author = {Schmitt, Clara},
	School = {Paris 1},
	Title = {Mod{\'e}lisation de la dynamique des syst{\`e}mes de peuplement: de SimpopLocal {\`a} SimpopNet.},
	Year = {2014}}




