
@article{olteanu2015knowledge,
  title={Knowledge formalization for vector data matching using belief theory},
  author={Olteanu-Raimond, Ana-Maria and Mustiere, Sebastien and Ruas, Anne},
  journal={Journal of Spatial Information Science},
  number={10},
  pages={21--46},
  year={2015}
}



@article{raimbault2019urban,
  title={An urban morphogenesis model capturing interactions between networks and territories},
  author={Raimbault, Juste},
  journal={The mathematics of urban morphology},
  pages={383--409},
  year={2019},
  publisher={Springer}
}


@incollection{wong2004modifiable,
  title={The modifiable areal unit problem (MAUP)},
  author={Wong, David WS},
  booktitle={WorldMinds: geographical perspectives on 100 problems: commemorating the 100th anniversary of the association of American geographers 1904--2004},
  pages={571--575},
  year={2004},
  publisher={Springer}
}


@article{raimbault2021strong,
  title={Strong coupling between scales in a multi-scalar model of urban dynamics},
  author={Raimbault, Juste},
  journal={arXiv preprint arXiv:2101.12725},
  year={2021}
}


@article{raimbault2020empowering,
  title={Empowering urban governance through urban science: Multi-scale dynamics of urban systems worldwide},
  author={Raimbault, Juste and Denis, Eric and Pumain, Denise},
  journal={Sustainability},
  volume={12},
  number={15},
  pages={5954},
  year={2020},
  publisher={MDPI}
}



@article{raimbault2018calibration,
  title={Calibration of a density-based model of urban morphogenesis},
  author={Raimbault, Juste},
  journal={PloS one},
  volume={13},
  number={9},
  pages={e0203516},
  year={2018},
  publisher={Public Library of Science San Francisco, CA USA}
}



@article{pumain2018evolutionary,
  title={An evolutionary theory of urban systems},
  author={Pumain, Denise},
  journal={International and transnational perspectives on urban systems},
  pages={3--18},
  year={2018},
  publisher={Springer}
}


@inproceedings{raimbault2023validation,
  title={Validation of geosimulation models: a systematic review},
  author={Raimbault, J.},
  booktitle={ECTQG 2023, Braga},
  year={2023},
  publisher={Coimbra University}
}

@inproceedings{raimbault2019validation,
  title={Validation levels and standards depending on models types and functions},
  author={Raimbault, J.},
  booktitle={CCS 2019, Singapore},
  year={2019},
  publisher={NTU Singapore}
}


@inproceedings{raimbault2019generating,
  title={Generating urban morphologies at large scales},
  author={Raimbault, Juste and Perret, Julien},
  booktitle={Artificial Life Conference Proceedings},
  pages={179--186},
  year={2019},
  organization={MIT Press One Rogers Street, Cambridge, MA 02142-1209, USA journals-info~…}
}



@article{pumain2006evolutionary,
  title={An evolutionary theory for interpreting urban scaling laws},
  author={Pumain, Denise and Paulus, Fabien and Vacchiani-Marcuzzo, C{\'e}line and Lobo, Jos{\'e}},
  journal={Cybergeo: European Journal of Geography},
  year={2006},
  publisher={CNRS-UMR G{\'e}ographie-cit{\'e}s 8504}
}

@inproceedings{raimbault2021modeling,
  title={Modeling the co-evolution of cities and networks},
  author={Raimbault, Juste},
  booktitle={Handbook of Cities and Networks},
  pages={166--193},
  year={2021}
}


@article{koo2020position,
  title={Position paper: Sensitivity analysis of spatially distributed environmental models-a pragmatic framework for the exploration of uncertainty sources},
  author={Koo, Hyeongmo and Iwanaga, Takuya and Croke, Barry FW and Jakeman, Anthony J and Yang, Jing and Wang, Hsiao-Hsuan and Sun, Xifu and L{\"u}, Guonian and Li, Xin and Yue, Tianxiang and others},
  journal={Environmental modelling \& software},
  volume={134},
  pages={104857},
  year={2020},
  publisher={Elsevier}
}


@inproceedings{raimbault2020scala,
  title={A scala library for spatial sensitivity analysis},
  author={Raimbault, J and Perret, J and Reuillon, R},
  year={2020},
  organization={GISRUK}
}

@article{raimbault2019space,
  title={Space Matters: Extending Sensitivity Analysis to Initial Spatial Conditions in Geosimulation Models},
  author={Raimbault, J and Cottineau, C and Le Texier, M and Le Nechet, F and Reuillon, R},
  journal={Journal of Artificial Societies and Social Simulation},
  volume={22},
  number={4},
  year={2019},
  publisher={JASSS}
}


@article{reuillon2013openmole,
  title={OpenMOLE, a workflow engine specifically tailored for the distributed exploration of simulation models},
  author={Reuillon, Romain and Leclaire, Mathieu and Rey-Coyrehourcq, Sebastien},
  journal={Future Generation Computer Systems},
  volume={29},
  number={8},
  pages={1981--1990},
  year={2013},
  publisher={Elsevier}
}


@article{raimbault2020comparison,
  title={A comparison of simple models for urban morphogenesis},
  author={Raimbault, Juste},
  journal={arXiv preprint arXiv:2008.13277},
  year={2020}
}



@article{li2021singularity,
  title={Singularity cities},
  author={Li, Yunfei and Rybski, Diego and Kropp, J{\"u}rgen P},
  journal={Environment and Planning B: Urban Analytics and City Science},
  volume={48},
  number={1},
  pages={43--59},
  year={2021},
  publisher={SAGE Publications Sage UK: London, England}
}




@article{makse1998modeling,
  title={Modeling urban growth patterns with correlated percolation},
  author={Makse, Hern{\'a}n A and Andrade, Jos{\'e} S and Batty, Michael and Havlin, Shlomo and Stanley, H Eugene and others},
  journal={Physical Review E},
  volume={58},
  number={6},
  pages={7054},
  year={1998},
  publisher={APS}
}


@article{cherel2015beyond,
  title={Beyond corroboration: Strengthening model validation by looking for unexpected patterns},
  author={Ch{\'e}rel, Guillaume and Cottineau, Cl{\'e}mentine and Reuillon, Romain},
  journal={PloS one},
  volume={10},
  number={9},
  pages={e0138212},
  year={2015},
  publisher={Public Library of Science San Francisco, CA USA}
}


@book{saltelli2008global,
  title={Global sensitivity analysis: the primer},
  author={Saltelli, Andrea and Ratto, Marco and Andres, Terry and Campolongo, Francesca and Cariboni, Jessica and Gatelli, Debora and Saisana, Michaela and Tarantola, Stefano},
  year={2008},
  publisher={John Wiley \& Sons}
}

@inproceedings{raimbault2018multi,
  title={Multi-modeling the morphogenesis of transportation networks},
  author={Raimbault, Juste},
  booktitle={Artificial Life Conference Proceedings},
  pages={382--383},
  year={2018},
  organization={MIT Press One Rogers Street, Cambridge, MA 02142-1209, USA journals-info~…}
}



@article{mogheir2004characterizing,
  title={Characterizing the spatial variability of groundwater quality using the entropy theory: I. Synthetic data},
  author={Mogheir, Y and De Lima, JLMP and Singh, VP},
  journal={Hydrological processes},
  volume={18},
  number={11},
  pages={2165--2179},
  year={2004},
  publisher={Wiley Online Library}
}



@article{raimbault2019second,
  title={Second-order control of complex systems with correlated synthetic data},
  author={Raimbault, Juste},
  journal={Complex Adaptive Systems Modeling},
  volume={7},
  number={1},
  pages={1--19},
  year={2019},
  publisher={Springer}
}